Automatically generated by Mendeley Desktop 1.10.3
Any changes to this file will be lost if it is regenerated by Mendeley.

BibTeX export options can be customized via Options -> BibTeX in Mendeley Desktop

@misc{openmp,
title = {{OpenMP}},
url = {http://openmp.org/}
}
@incollection{gpugems_28,
author = {Fernando, Randima},
chapter = {28},
publisher = {Addison-Wesley Professional},
title = {{GPU Gems: Programming Techniques, Tips, and Tricks for Real-Time Graphics}},
year = {2004}
}
@misc{unity_opt_char,
author = {{Unity Technologies}},
title = {{Unity - Modeling Characters for Optimal Performance}},
url = {http://docs.unity3d.com/Documentation/Manual/ModelingOptimizedCharacters.html},
urldate = {1/30/2014}
}
@misc{github,
title = {{GitHub}},
url = {https://github.com/}
}
@misc{git,
title = {{Git}},
url = {http://git-scm.com/}
}
@misc{hgmanual,
author = {{Valgrind Developers}},
title = {{Helgrind: a thread error detector}},
url = {http://valgrind.org/docs/manual/hg-manual.html}
}
@misc{gperftools,
title = {{gperftools - Fast, multi-threaded malloc() and nifty performance analysis tools}},
url = {https://code.google.com/p/gperftools/},
urldate = {1/23/2014}
}
@misc{nvidiasdk,
author = {{NVIDIA Corporation}},
title = {{Nvidia Graphics SDK}},
url = {https://developer.nvidia.com/nvidia-graphics-sdk-11}
}
@misc{svn,
title = {{Apache Subversion}},
url = {https://subversion.apache.org/},
urldate = {1/23/2014}
}
@misc{blitask,
author = {Sharybin, Sergey},
title = {{Task scheduler ported form Cycles to C}},
url = {http://lists.blender.org/pipermail/bf-blender-cvs/2013-October/059841.html},
urldate = {3/04/14},
year = {2013}
}
@misc{valgrind,
title = {{Valgrind: Tool Suite}},
url = {http://valgrind.org/info/tools.html}
}
@misc{blender,
author = {{Blender Foundation}},
keywords = {blender},
mendeley-tags = {blender},
title = {{Blender}},
url = {http://www.blender.org/}
}
@misc{ogre,
title = {{OGRE - Open Source 3D Graphics Engine}},
url = {http://www.ogre3d.org/},
urldate = {1/23/2014}
}
@misc{bge_profile_stats,
author = {Stokes, Mitchell},
title = {{BGE Profile Stats and What They Mean}},
url = {https://mogurijin.wordpress.com/2012/01/03/bge-profile-stats-and-what-they-mean/},
urldate = {1/23/2014},
year = {2012}
}
@misc{ARB_texture_buffer_object,
author = {{The Khronos Group Inc.}},
title = {{ARB\_texture\_buffer\_object}},
url = {https://www.opengl.org/registry/specs/ARB/texture\_buffer\_object.txt}
}
@misc{nvidia331.20,
author = {{NVIDIA Corporation}},
title = {{NVIDIA DRIVERS Linux x64 (AMD64/EM64T) Display Driver}},
url = {http://www.nvidia.com/Download/driverResults.aspx/69372/},
urldate = {2/5/2014}
}
@misc{blendergit,
author = {VanLommel, Brecht},
title = {{New Development Infrastructure}},
url = {http://code.blender.org/index.php/2013/11/new-development-infrastructure/},
urldate = {1/11/14},
year = {2013}
}
@misc{msvcompreg,
title = {{Big performance hog with OpenMP in VS2010 and hardware waits}},
url = {https://connect.microsoft.com/VisualStudio/feedback/details/640588},
urldate = {3/04/14},
year = {2011}
}
@book{Gregory2009,
author = {Gregory, Jason},
isbn = {1568814135},
pages = {864},
publisher = {A K Peters/CRC Press},
title = {{Game Engine Architecture}},
url = {http://www.amazon.com/Game-Engine-Architecture-Jason-Gregory/dp/1568814135},
year = {2009}
}
@misc{mcmanual,
author = {{Valgrind Developers}},
title = {{Memcheck: a memory error detector}},
url = {http://valgrind.org/docs/manual/mc-manual.html},
urldate = {2/26/2014}
}
